%% This BibTeX bibliography file was created using BibDesk.
%% http://bibdesk.sourceforge.net/


%% Created for Mikkel Alexander Madsen at 2014-05-26 17:10:04 +0200 


%% Saved with string encoding Unicode (UTF-8) 



@misc{piecewiseglpk,
	Author = {Robbie Morrison},
	Date-Added = {2014-05-26 15:06:46 +0000},
	Date-Modified = {2014-05-26 15:10:03 +0000},
	Howpublished = {\url{http://winglpk.sourceforge.net/media/glpk-sos2_02.pdf}},
	Keywords = {piecewise, linear, functions},
	Month = {December},
	Title = {SOS2 constraints in GLPK},
	Year = {2008}}

@incollection{artmeier2010shortest,
	Author = {Artmeier, Andreas and Haselmayr, Julian and Leucker, Martin and Sachenbacher, Martin},
	Booktitle = {KI 2010: Advances in Artificial Intelligence},
	Pages = {309--316},
	Publisher = {Springer},
	Title = {The shortest path problem revisited: Optimal routing for electric vehicles},
	Year = {2010}}

@article{dijkstra1959note,
	Author = {Dijkstra, Edsger W},
	Journal = {Numerische mathematik},
	Number = {1},
	Pages = {269--271},
	Publisher = {Springer},
	Title = {A note on two problems in connexion with graphs},
	Volume = {1},
	Year = {1959}}

@inproceedings{Geisberger:2008:CHF:1788888.1788912,
	Acmid = {1788912},
	Address = {Berlin, Heidelberg},
	Author = {Geisberger, Robert and Sanders, Peter and Schultes, Dominik and Delling, Daniel},
	Booktitle = {Proceedings of the 7th International Conference on Experimental Algorithms},
	Isbn = {3-540-68548-0, 978-3-540-68548-7},
	Location = {Provincetown, MA, USA},
	Numpages = {15},
	Pages = {319--333},
	Publisher = {Springer-Verlag},
	Series = {WEA'08},
	Title = {Contraction Hierarchies: Faster and Simpler Hierarchical Routing in Road Networks},
	Url = {http://dl.acm.org/citation.cfm?id=1788888.1788912},
	Year = {2008},
	Bdsk-Url-1 = {http://dl.acm.org/citation.cfm?id=1788888.1788912}}

@misc{Globalevoutlook,
	Author = {International Energy Agency},
	Howpublished = {\url{http://www.iea.org/publications/globalevoutlook_2013.pdf}},
	Owner = {Mathias},
	Timestamp = {2014.05.22},
	Title = {GLOBAL EV OUTLOOK Understanding the Electric Vehicle Landscape to 2020},
	Year = {2013}}

@misc{Henry2013,
	Author = {Jim Henry},
	Howpublished = {\url{http://www.forbes.com/sites/jimhenry/}},
	Owner = {Hestogpony},
	Timestamp = {2014.05.21},
	Title = {New Data Shows Accelerating Sales Of Plug-In Electric Cars},
	Year = {2013}}

@misc{teslacon,
	Author = {Elon, Musk and JB, Straubel},
	Howpublished = {\url{http://www.teslamotors.com/fr_CH/blog/model-s-efficiency-and-range}},
	Owner = {Mathias},
	Timestamp = {2014.05.23},
	Title = {Model S Efficiency and Range},
	Year = {2012}}

@article{joksch1966shortest,
	Author = {Joksch, Hans C},
	Journal = {Journal of Mathematical analysis and applications},
	Number = {2},
	Pages = {191--197},
	Publisher = {Academic Press},
	Title = {The shortest route problem with constraints},
	Volume = {14},
	Year = {1966}}

@book{Garey:1979:CIG:578533,
	Address = {New York, NY, USA},
	Author = {Garey, Michael R. and Johnson, David S.},
	Isbn = {0716710447},
	Publisher = {W. H. Freeman \& Co.},
	Title = {Computers and Intractability: A Guide to the Theory of NP-Completeness},
	Year = {1979}}

@article{ahuja1995capacity,
	Author = {Ahuja, Ravindra K and Orlin, James B},
	Journal = {Networks},
	Number = {2},
	Pages = {89--98},
	Publisher = {Wiley Online Library},
	Title = {A capacity scaling algorithm for the constrained maximum flow problem},
	Volume = {25},
	Year = {1995}}
